02RETORNO01COBRANÇA CNR   12345001234567890 1 EMPRESA ABCDEFGHIJKLMNOPQRSTUV399HSBC           23071406250BPI1234567890AGENCIA ABCDEFGHIJKL1234                                                                                                                                                                                                                                                      VOLSER000001
19912345678909876123450012345678901  1234567890123456 2       1234567890123456    250720149                   10725072014001060                        25072014       10003991234599                                                             100        950         500       0123456789011234567890                         33                                                  1
9201399                                                                                                                                                                                                                                                                                                                                                                                                        1